@article{innovations,
  title={Innovations dans les circuits courts - Facteurs de réussite et points de vigilance},
  author={Thierry PONS, Aude MIEHÉ},
  year={2013},
  publisher={Chateau-Chinon}
}

@misc{natureofrais,
  author = {Nature O Frais},
  title = {Distributeurs Automatiques alimentaire à casiers},
  year = 2022,
  howpublished = {https://nature-o-frais.com/le-drive-alimentaire-connecte/distributeurs-automatiques-connectes/},
}

@misc{relaismiam,
  author = {Relais Miam},
  title = {Distributeur automatique de produits alimentaires frais en direct de la ferme},
  year = 2022,
  howpublished = {https://relaismiam.fr},
}

@misc{distributeurautomatique,
  author = {Distributeur automatique},
  title = {Distributeur automatique de produits fermiers : Mangeons local !},
  year = 2022,
  howpublished = {https://www.distributeurautomatique.net/distributeur-produits-fermiers},
}

@misc{locavor,
  author = {Locavor.fr},
  title = {Simplifie vos achats de produits locaux},
  year = 2022,
  howpublished = {https://locavor.fr},
}

@misc{court-circuit,
  author = {Court-Circuit Nancy},
  title = {le local à vivre(s) !},
  year = 2022,
  howpublished = {https://courtcircuitnancy.fr},
}

@misc{mpl,
  author = {Mon Panier Local 06},
  year = 2022,
  howpublished = {instagram: mon.panier.local\_06},
}

@misc{moocgdp,
  author = {Rémi Bachelet},
  title = {Mooc Gestion de Projet, Centrale Lille},
  year = 2022,
  howpublished = {https://moocgdp.gestiondeprojet.pm/dashboard},
}